@article{Strauss:1990:Grounded,
author = {Strauss, A. and Corbin, J.M.},
journal = {Qualitative Sociology},
number = {1},
pages = {3--21},
title = {{Grounded theory research: Procedures, canons, and evaluative criteria}},
volume = {13},
year = {1990}
}
@inproceedings{Rigby:2005:Novice,
author = {Rigby, P.C. and Thompson, S.},
booktitle = {Proceedings of OOPSLA Workshop on Eclipse Technology eXchange},
pages = {105--109},
title = {{Study of Novice Programmers using Eclipse and Gild}},
year = {2005}
}
@inproceedings{Nienaltowski:2008:Compiler,
author = {Nienaltowski, M. and Pedroni, M. and Meyer, B.},
booktitle = {Proceedings of SIGCSE Technical Symposium on Computer Science Education},
pages = {168--172},
title = {{Compiler Error Messages: What Can Help Novices?}},
year = {2008}
}
@article{Jadud:2005:BlueJ,
author = {Jadud, M.C.},
journal = {Computer Science Education},
number = {1},
pages = {25--40},
title = {{A First Look at Novice Compilation Behaviour Using BlueJ}},
volume = {15},
year = {2005}
}
@article{VanGog:2005:Troubleshooting,
author = {van Gog, T. and Paas, F. and Van Merrienboer, J.J.},
journal = {Applied Cognitive Psychology},
number = {2},
pages = {205--221},
title = {{Uncovering expertise-related differences in troubleshooting performance: combining eye movement and concurrent verbal protocol data}},
volume = {19},
year = {2005}
}
@article{Wiedenbeck:1993:Mental,
author = {Wiedenbeck, S. and Fix, V. and Scholtz, J.},
journal = {International Journal of Man-Machine Studies},
number = {5},
pages = {793--812},
title = {{Characteristics of the mental representations of novice and expert programmers: an empirical study}},
volume = {39},
year = {1993}
}
@article{Berlin:1993:Understanding,
author = {Berlin, L.M.},
journal = {ESP},
number = {744},
pages = {6--25},
title = {{Beyond program understanding: A look at programming expertise in industry}},
volume = {93},
year = {1993}
}
@article{Kranch:2012:Teaching,
author = {Kranch, D.A.},
journal = {Education and Information Technologies},
number = {3},
pages = {291--313},
title = {{Teaching the novice programmer: A study of instructional sequences and perception}},
volume = {17},
year = {2012}
}
@article{McKeithen:1981:Organization,
author = {McKeithen, K.B. and Reitman, J.S. and Rueter, H.H. and Hirtle, S.C.},
journal = {Cognitive Psychology},
number = {3},
pages = {307--325},
title = {{Knowledge organization and skill differences in computer programmers}},
volume = {13},
year = {1981}
}
@article{Weiser:1983:Representation,
author = {Weiser, M. and Shertz, J.},
journal = {International Journal of Man-Machine Studies},
number = {4},
pages = {391--398},
title = {{Programming problem representation in novice and expert programmers}},
volume = {19},
year = {1983}
}
@article{Goth:2005:Beware,
author = {Goth, G.},
journal = {IEEE Software},
number = {4},
pages = {108--111},
title = {{Beware of the March of this IDE: Eclipse is overshadowing other tool technologies}},
volume = {22},
year = {2005}
}
@inproceedings{Ko:2009:Whyline,
author = {Ko, A.J. and Myers, B.A.},
booktitle = {Proceedings of SIGCHI Conference on Human Factors in Computing Systems},
pages = {1569--1578},
title = {{Finding causes of program output with the Java Whyline}},
year = {2009}
}
@inproceedings{Baca:2009:Security,
author = { Baca, D. and Petersen, K. and Carlsson, B. and Lundberg, L.},
booktitle = {Proceedings  of International Conference of Availability, Reliability and Security},
pages = {804--810},
title = {{Static Code Analysis to Detect Software Security Vulnerabilities - Does Experience Matter?}},
year = {2009}
}
@article{Murphy-Hill:2011:Friendly,
author = {Murphy-Hill, E. and Black, A.P.},
journal = {IEEE Transactions on Software Engineering},
title = {{Programmer-Friendly Refactoring Errors}},
year = {2011}
}
@inproceedings{Murphy-Hill:2010:Ambient,
author = {Murphy-Hill, E. and Black, A.P.},
booktitle = {Proceedings of International Symposium on Software Visualization},
pages = {5--14},
title = {{An interactive ambient visualization for code smells}},
year = {2010}
}
@article{khaddaj2004evaluation,
	title={The evaluation of software quality factors in very large information systems},
	author={Khaddaj, Souheil and Horgan, Gerard},
	journal={Electronic Journal of Information Systems Evaluation},
	volume={7},
	number={1},
	pages={43--48},
	year={2004},
	publisher={Academic Conferences Ltd.}
}
@article{Eick:2000:Visual,
author = {Eick, S.G. and Karr, A.F.},
journal = {National Institute of Statistical Sciences Technical Report},
title = {{Visual Scalability}},
year = {2000}
}
@inproceedings{Kersten:2005:Mylar,
author = {Kersten, M. and Murphy, G.C.},
booktitle = {Proceedings of International Conference on Aspect-Oriented Software Development},
pages = {159--168},
title = {{Mylar: a degree of interest model for IDEs}},
year = {2005}
}
@article{Oman:1989:Expertise,
author = {Oman, P.W. and Cook, R. and Nanja, M.},
journal = {Journal of Systems and Software},
number = {3},
pages = {197--207},
title = {{Effects of programming experience in debugging semantic errors}},
volume = {9},
year = {1989}
}
@inproceedings{Briand:1993:MMR,
author = {Briand, Lionel C. and Thomas, William M. and Hetmanski, Christopher J.},
booktitle = {Proceedings of the International Conference on Software Engineering},
pages = {55--65},
title = {{Modeling and managing risk early in software development}},
year = {1993}
}
@inproceedings{nagappan2004preliminary,
  title={Preliminary results on using static analysis tools for software inspection},
  author={Nagappan, Nachiappan and Williams, Laurie and Hudepohl, John and Snipes, Will and Vouk, Mladen},
  booktitle={Software Reliability Engineering, 2004. ISSRE 2004. 15th International Symposium on},
  pages={429--439},
  year={2004},
  organization={IEEE}
}
@inproceedings{Nagappan:2005:DefectDensity,
author = {Nagappan, Nachiappan and Ball, Thomas},
booktitle = {Proceedings of the International Conference on Software Engineering},
keywords = {defect density,fault-proneness,static analysis tools,statistical methods},
pages = {580--586},
title = {{Static analysis tools as early indicators of pre-release defect density}},
year = {2005}
}
@TechReport{CMU-CS-96-132,
  author = 	 {Pane, J. and Brad Myers},
  title = 	 {Usability Issues in the Design of Novice Programming Systems},
  institution =  {Carnegie Mellon University},
  year = 	 {1996}
}
@article{Lahtinen:2005:Difficulties,
author = {Lahtinen, E. and Ala-Mutka, K. and Hannu-Matti, J.},
journal = {ACM SIGCSE Bulletin},
number = {3},
pages = {14--18},
title = {{A study of the difficulties of novice programmers}},
volume = {37},
year = {2005}
}
@inproceedings{Hartmann:2010:Suggestions,
author = {Hartmann, B. and MacDougall, D. and Brandt, J. and Klemmer, S. R.},
booktitle = {Proceedings of the SIGCHI Conference on Human Factors in Computing},
pages = {1019--1028},
title = {{What would other programmers do: suggesting solutions to error messages}},
year = {2010}
}
@article{Traver:2010:Messages,
author = {Traver, V. J.},
journal = {Advances in Human-Computer Interaction},
title = {{On Compiler Error Messages: What They Say and What They Mean}},
year = {2010}
}
@article{Hendrix:2000:Visualizations,
author = {Hendrix, T. D. and Cross II, J. H. and Maghsoodloo, S. and McKinney, M. L.},
journal = {ACM SIGCSE Bulletin},
number = {1},
pages = {382--386},
title = {{Do visualizations improve program comprehensibility? Experiments with control structure diagrams for Java}},
volume = {32},
year = {2000}
}
@article{Nielsen:1994:Heuristic,
  title={Heuristic evaluation},
  author={Nielsen, Jakob},
  journal={Usability inspection methods},
  volume={17},
  pages={25--62},
  year={1994}
}
@article{Ayewah:2008:FindBugs,
  title={Using static analysis to find bugs},
  author={Ayewah, N. and Hovemeyer, D. and Morgenthaler, J. D. and Penix, J. and Pugh, W.},
  journal={IEEE Software},
  volume={25},
  number={5},
  pages={22--29},
  year={2008}
}
@inproceedings{Ayewah:2008:FBSurvey,
	author = {Ayewah, Nathaniel and Pugh, William},
	booktitle = {Proc. DEFECTS},
	doi = {10.1145/1390817.1390819},
	keywords = {FindBugs,Java,bug patterns,bugs,false positives,software defects,software quality,static analysis},
	pages = {1--5},
	title = {{A report on a survey and study of static analysis users}},
	year = {2008}
}
@article{MurphyHill:2012:Refactor,
  title={How we refactor, and how we know it},
  author={Murphy-Hill, E. and Parnin, C. and Black, A. P.},
  journal={IEEE Transactions on Software Engineering},
  volume={38},
  number={1},
  pages={5--18},
  year={2012}
}
@article{Mucslu:2012:Speculative,
  title={Speculative analysis of integrated development environment recommendations},
  author={Mu{\c{s}}lu, K{\i}van{\c{c}} and Brun, Yuriy and Holmes, Reid and Ernst, Michael D and Notkin, David},
  journal={ACM SIGPLAN Notices},
  volume={47},
  number={10},
  pages={669--682},
  year={2012},
  publisher={ACM}
}
@inproceedings{Muslu:2014:Transition,
  author={Mu{\c{s}}lu, K{\i}van{\c{c}} and Bird, Christian and Nagappan, Nachi and Czerwonka, Jacek},
  booktitle={Proceedings of the International Conference on Software Engineering}, 
  title={{Transition from Centralized to Distributed Version Control Systems: A Case Study on Reasons, Barriers, and Outcomes}},
  year={2014}
}
@inproceedings{Weiss:2007:Long,
  title={How long will it take to fix this bug?},
  author={Weiss, Cathrin and Premraj, Rahul and Zimmermann, Thomas and Zeller, Andreas},
  booktitle={Proceedings of the Fourth International Workshop on Mining Software Repositories},
  year={2007},
  organization={IEEE Computer Society}
}
@book{Shneiderman:1992:Designing,
  title={Designing the user interface: strategies for effective human-computer interaction},
  author={Shneiderman, Ben},
  volume={2},
  year={1992},
  publisher={Addison-Wesley Reading, MA}
}
@inproceedings{Horning:1974:Compiler,
  title={What the compiler should tell the user},
  author={Horning, James J},
  booktitle={Compiler Construction},
  pages={525--548},
  year={1974},
  organization={Springer}
}
@techreport{Altmann:2004:Task,
  title={Task interruption: Resumption lag and the role of cues},
  author={Altmann, Erik M and Trafton, J Gregory},
  year={2004},
  institution={Defense Technical Information Center}
}
@article{tutoringsys,
  title={Authoring intelligent tutoring systems: An analysis of the state of the art},
  author={Murray, Tom},
  journal={International Journal of Artificial Intelligence in Education (IJAIED)},
  volume={10},
  pages={98--129},
  year={1999}
}
@inproceedings{Burkhardt:1997:Mental,
  title={Mental representations constructed by experts and novices in object-oriented program comprehension},
  author={Burkhardt, Jean-Marie and D{\'e}tienne, Fran{\c{c}}oise and Wiedenbeck, Susan},
  booktitle={Proceedings of the Human-Computer Interaction Conference},
  pages={339--346},
  year={1997},
  organization={Springer}
}
@misc{SunJDK,
key ={zzzSunJDK},
title={{Oracle Java SE} Downloads},
note={\url{http://www.oracle.com/technetwork/java/javase/downloads/index.html}}
}
@misc{EclipseIDE,
key ={zzzEclipse},
title={Eclipse},
note={\url{http://www.eclipse.org}}
}
@misc{JUnit,
key ={zzJUnit},
title={{JUnit} 4},
note={\url{http://www.junit.org}}
}
@misc{EclipseCompiler,
key ={zzCompiler},
title={{JDT} Core Component},
year=2013,
note={\url{http://www.eclipse.org/jdt/core/index.php}} 
}
@misc{FindBugsCloud,
key ={zzCloud},
title={FindBugs Cloud Tutorial},
year=2011,
note={\url{https://code.google.com/p/findbugs/wiki/FindBugsCloudTutorial}}
}
@misc{JFreeChart,
key ={zzJFreeChart},
title={{JFreeChart}},
year=2013,
note={\url{http://www.jfree.org/jfreechart/}}
}
@misc{StackOverflow,
key ={zzStackOverflow},
title={{StackOverflow}},
year=2013,
note={\url{www.stackoverflow.com}}
}
@misc{DeveloperLibFront,
key = {zzDeveloperLibFront},
title = {{Developer Liberation Front}},
note={\url{http://research.csc.ncsu.edu/dlf/}}
}
@misc{Jacoco,
key = {zJacoco},
title = {{JaCoCo Java Code Coverage Library}},
note={\url{http://www.eclemma.org/jacoco/}}
}
@misc{JacocoIssue,
key = {zJacocoIssue},
title = {{Filtering Options for Coverage Analysis}},
note={\url{https://github.com/jacoco/jacoco/issues/15}}
}
@article{ko2006exploratory,
  title={An exploratory study of how developers seek, relate, and collect relevant information during software maintenance tasks},
  author={Ko, Andrew J and Myers, Brad A and Coblenz, Michael J and Aung, Htet Htet},
  journal={IEEE Transactions on Software Engineering},
  volume={32},
  number={12},
  pages={971--987},
  year={2006},
  publisher={IEEE}
}
@article{goldsmith1991assessing,
  title={Assessing structural knowledge.},
  author={Goldsmith, Timothy E and Johnson, Peder J and Acton, William H},
  journal={Journal of Educational Psychology},
  volume={83},
  number={1},
  pages={88},
  year={1991},
  publisher={American Psychological Association}
}
@inproceedings{barik14,
    author = {Barik, Titus and Lubick, Kevin and Christie, Samuel and Murphy-Hill, Emerson},
    booktitle = {2nd IEEE Working Conference on Software Visualization},
    keywords = {program\_analysis, self},
    posted-at = {2014-06-23 15:12:34},
    priority = {2},
    title = {How Developers Visualize Compiler Messages: A Foundational Approach to Notification Construction},
    url = {http://people.engr.ncsu.edu/ermurph3/papers/vissoft14.pdf},
    year = {2014},
}
@inproceedings{bugDesign,
 author = {Murphy-Hill, Emerson and Zimmermann, Thomas and Bird, Christian and Nagappan, Nachiappan},
 title = {The Design of Bug Fixes},
 booktitle = {Proceedings of the 2013 International Conference on Software Engineering},
 year = {2013},
 isbn = {978-1-4673-3076-3},
 location = {San Francisco, CA, USA},
 pages = {332--341},
 numpages = {10},
 url = {http://dl.acm.org/citation.cfm?id=2486788.2486833},
 acmid = {2486833},
 publisher = {IEEE Press},
} 
@inproceedings{de2006using,
  title={Using Visual Momentum to Explain Disorientation in the {Eclipse IDE}.},
  author={De Alwis, Brian and Murphy, Gail C},
  booktitle={Proceedings of Visual Languages and Human-Centric Computing},
  pages={51--54},
  year={2006}
}
@article{feldman1987research,
  title={Research productivity and scholarly accomplishment of college teachers as related to their instructional effectiveness: A review and exploration},
  author={Feldman, Kenneth A},
  journal={Research in higher education},
  volume={26},
  number={3},
  pages={227--298},
  year={1987}
}
@inproceedings{tanimoto2013perspective,
  title={A perspective on the evolution of live programming},
  author={Tanimoto, Steven L},
  booktitle={Live Programming (LIVE), 2013 1st International Workshop on},
  pages={31--34},
  year={2013},
  organization={IEEE}
}
@inproceedings{novick2006don,
  title={Why don't people read the manual?},
  author={Novick, David G and Ward, Karen},
  booktitle={Proceedings of the 24th annual ACM international conference on Design of communication},
  pages={11--18},
  year={2006},
  organization={ACM}
}
@inproceedings{nasehi2012makes,
  title={What makes a good code example?: A study of programming Q\&A in StackOverflow},
  author={Nasehi, Seyed Mehdi and Sillito, Jonathan and Maurer, Frank and Burns, Chris},
  booktitle={Software Maintenance (ICSM), 2012 28th IEEE International Conference on},
  pages={25--34},
  year={2012}
}
@article{zheng2006value,
  title={On the value of static analysis for fault detection in software},
  author={Zheng, Jiang and Williams, Laurie and Nagappan, Nachiappan and Snipes, Will and Hudepohl, John P and Vouk, Mladen A},
  journal={Software Engineering, IEEE Transactions on},
  volume={32},
  number={4},
  pages={240--253},
  year={2006},
  publisher={IEEE}
}
@inproceedings{layman2008mimec,
  title={MimEc: intelligent user notification of faults in the eclipse IDE},
  author={Layman, Lucas M and Williams, Laurie A and St Amant, Robert},
  booktitle={Proceedings of the 2008 international workshop on Cooperative and human aspects of software engineering},
  pages={73--76},
  year={2008},
  organization={ACM}
}
@inproceedings{patel2008examining,
  title={Examining Difficulties Software Developers Encounter in the Adoption of Statistical Machine Learning.},
  author={Patel, Kayur and Fogarty, James and Landay, James A and Harrison, Beverly L},
  booktitle={AAAI},
  pages={1563--1566},
  year={2008}
}
@incollection{ricca2011difficulty,
  title={On the difficulty of computing the truck factor},
  author={Ricca, Filippo and Marchetto, Alessandro and Torchiano, Marco},
  booktitle={Product-Focused Software Process Improvement},
  pages={337--351},
  year={2011},
  publisher={Springer}
}
@article{mettrey1991comparative,
  title={A comparative evaluation of expert system tools},
  author={Mettrey, William},
  journal={Computer},
  volume={24},
  number={2},
  pages={19--31},
  year={1991},
  publisher={IEEE}
}
@inproceedings{wagner2008evaluation,
  title={An evaluation of two bug pattern tools for java},
  author={Wagner, Stefan and Deissenboeck, Florian and Aichner, Michael and Wimmer, Johann and Schwalb, Markus},
  booktitle={Software Testing, Verification, and Validation, 2008 1st International Conference on},
  pages={248--257},
  year={2008},
  organization={IEEE}
}
@inproceedings{bittar2012supporting,
  title={Supporting the developer in an accessible edition of web communications: a study of five desktop tools},
  author={Bittar, Thiago Jabur and do Amaral, Leandro Agostini and Faria, Fernanda Bontempo and de Mattos Fortes, Renata Pontin},
  booktitle={Proceedings of the Workshop on Information Systems and Design of Communication},
  pages={3--9},
  year={2012},
  organization={ACM}
}
@inproceedings{wilander2002comparison,
  title={A comparison of publicly available tools for static intrusion prevention},
  author={Mettrey, William},
  year={1991},
  booktitle={7th Nordic Workshop on Secure IT Systems},
  publisher={IEEE}
}
@inproceedings{latoza2010developers,
  title={Developers ask reachability questions},
  author={LaToza, Thomas D and Myers, Brad A},
  booktitle={Proceedings of the 32nd ACM/IEEE International Conference on Software Engineering-Volume 1},
  pages={185--194},
  year={2010},
  organization={ACM}
}
@article{roy2009comparison,
  title={Comparison and evaluation of code clone detection techniques and tools: A qualitative approach},
  author={Roy, Chanchal K and Cordy, James and Koschke, Rainer},
  journal={Science of Computer Programming},
  volume={74},
  number={7},
  pages={470--495},
  year={2009},
  publisher={Elsevier North-Holland, Inc.}
}
@inproceedings{pham2015automatically,
	title={Automatically recommending test code examples to inexperienced developers},
	author={Pham, Raphael and Stoliar, Yauheni and Schneider, Kurt},
	booktitle={Proceedings of the 2015 10th Joint Meeting on Foundations of Software Engineering},
	pages={890--893},
	year={2015},
	organization={ACM}
}
@inproceedings{fritz2014developers,
	title={Developers' code context models for change tasks},
	author={Fritz, Thomas and Shepherd, David C and Kevic, Katja and Snipes, Will and Br{\"a}unlich, Christoph},
	booktitle={Proceedings of the 22nd ACM SIGSOFT International Symposium on Foundations of Software Engineering},
	pages={7--18},
	year={2014},
	organization={ACM}
}
@misc{raskinhumane,
	title={The Humane Interface. 2000},
	author={Raskin, Jef},
	publisher={Reading, MA: Addison-Wesley/ACM Press}
}
@inproceedings{johnson2013don,
	title={Why don't software developers use static analysis tools to find bugs?},
	author={Johnson, Bryant and Song, Yoonki and Murphy-Hill, Emerson and Bowdidge, Robert},
	booktitle={Software Engineering (ICSE), 2013 35th International Conference on},
	pages={672--681},
	year={2013},
	organization={IEEE}
}
@article{linberg1999software,
	title={Software developer perceptions about software project failure: a case study},
	author={Linberg, Kurt R},
	journal={Journal of Systems and Software},
	volume={49},
	number={2},
	pages={177--192},
	year={1999},
	publisher={Elsevier}
}
@inproceedings{mens2005challenges,
	title={Challenges in software evolution},
	author={Mens, Tom and Wermelinger, Michel and Ducasse, St{\'e}phane and Demeyer, Serge and Hirschfeld, Robert and Jazayeri, Mehdi},
	booktitle={Principles of Software Evolution, Eighth International Workshop on},
	pages={13--22},
	year={2005},
	organization={IEEE}
}
@inproceedings{ge2012reconciling,
	title={Reconciling manual and automatic refactoring},
	author={Ge, Xi and DuBose, Quinton L and Murphy-Hill, Emerson},
	booktitle={Software Engineering (ICSE), 2012 34th International Conference on},
	pages={211--221},
	year={2012},
	organization={IEEE}
}
@article{bowman1987modeling,
	title={Modeling the communication process: The map is not the territory},
	author={Bowman, Joel P and Targowski, Andrew S},
	journal={Journal of Business Communication},
	volume={24},
	number={4},
	pages={21--34},
	year={1987},
	publisher={SAGE Publications}
}
@book{bickerton1995language,
	title={Language and human behavior.},
	author={Bickerton, Derek},
	year={1995},
	publisher={University of Washington Press}
}
@inproceedings{ford2015exploring,
	title={Exploring causes of frustration for software developers},
	author={Ford, Denae and Parnin, Chris},
	booktitle={Cooperative and Human Aspects of Software Engineering (CHASE), 2015 IEEE/ACM 8th International Workshop on},
	pages={115--116},
	year={2015},
	organization={IEEE}
}
@article{hannay2007systematic,
	title={A systematic review of theory use in software engineering experiments},
	author={Hannay, Jo E and Sj{\o}berg, Dag IK and Dyb{\aa}, Tore},
	journal={Software Engineering, IEEE Transactions on},
	volume={33},
	number={2},
	pages={87--107},
	year={2007},
	publisher={IEEE}
}
@article{gerbner1956toward,
	title={Toward a general model of communication},
	author={Gerbner, George},
	journal={Educational technology research and development},
	volume={4},
	number={3},
	pages={171--199},
	year={1956},
	publisher={Springer}
}
@book{griffin2011first,
	title={A first look at communication theory},
	author={Griffin, Emory A and McClish, Glen Arthur},
	year={2011},
	publisher={McGraw-Hill Boston}
}
@article{sparks1998investigation,
	title={An investigation of the effects of language style and communication modality on persuasion},
	author={Sparks, John R and Areni, Charles S and Cox, K Chris},
	journal={Communications Monographs},
	volume={65},
	number={2},
	pages={108--125},
	year={1998},
	publisher={Taylor \& Francis}
}
@inproceedings{xiao2014social,
	title={Social influences on secure development tool adoption: why security tools spread},
	author={Xiao, Shundan and Witschey, Jim and Murphy-Hill, Emerson},
	booktitle={Proceedings of the 17th ACM conference on Computer supported cooperative work \& social computing},
	pages={1095--1106},
	year={2014},
	organization={ACM}
}
@article{riemenschneider2001explaining,
	title={Explaining software development tool use with the technology acceptance model},
	author={Riemenschneider, Cynthia K and Hardgrave, Bill C},
	journal={The Journal of Computer Information Systems},
	volume={41},
	number={4},
	pages={1},
	year={2001},
	publisher={International Association for Computer Information Systems}
}
@article{lawrance2013programmers,
	title={How programmers debug, revisited: An information foraging theory perspective},
	author={Lawrance, Joseph and Bogart, Christopher and Burnett, Margaret and Bellamy, Rachel and Rector, Kyle and Fleming, Scott D},
	journal={Software Engineering, IEEE Transactions on},
	volume={39},
	number={2},
	pages={197--215},
	year={2013},
	publisher={IEEE}
}
@book{corbin2014basics,
	title={Basics of qualitative research: Techniques and procedures for developing grounded theory},
	author={Corbin, Juliet and Strauss, Anselm},
	year={2014},
	publisher={Sage publications}
}
@article{johnson1989mental,
	title={Mental models.},
	author={Johnson-Laird, Philip N},
	year={1989},
	publisher={The MIT Press}
}
@article{bromme1995fusing,
	title={Fusing experience and theory: The structure of professional knowledge},
	author={Bromme, Rainer and Tillema, Harm},
	journal={Learning and instruction},
	volume={5},
	number={4},
	pages={261--267},
	year={1995},
	publisher={Elsevier}
}

@article{pirolli1999information,
  title={Information foraging.},
  author={Pirolli, Peter and Card, Stuart},
  journal={Psychological review},
  volume={106},
  number={4},
  pages={643},
  year={1999},
  publisher={American Psychological Association}
}
@inproceedings{Zhang:2005,
	author = {Zhang, Leizhong and Tu, Nan and Vronay, Dave},
	title = {Info-lotus: a peripheral visualization for email notification},
	booktitle = {CHI '05 extended abstracts on Human factors in computing systems},
	series = {CHI EA '05},
	year = {2005},
	isbn = {1-59593-002-7},
	location = {Portland, OR, USA},
	pages = {1901--1904},
	numpages = {4},
	url = {http://doi.acm.org/10.1145/1056808.1057051},
	doi = {http://doi.acm.org/10.1145/1056808.1057051},
	acmid = {1057051},
	publisher = {ACM},
	address = {New York, NY, USA},
	keywords = {aesthetically pleasing, information visualization, notifications, peripheral displays, usability study},
} 

@inproceedings{sow2005tasks, 
	author={Sow, D. and Ebling, M. and Lehmann, R.-P. and Davis, J. and Bergman, L.}, 
	booktitle={e-Business Engineering, 2005. ICEBE 2005. IEEE International Conference on}, 
	title={SCOUT contextually organizes user tasks}, 
	year={2005}, 
	month={oct.}, 
	pages={94 -101}, 
	keywords={SCOUT architecture;SCOUT portal application;email message content;information explosion;workflow process;portals;software architecture;unsolicited e-mail;}, 
	doi={10.1109/ICEBE.2005.109}, 
}
@article{mccrickard2003attuning,
	title={Attuning notification design to user goals and attention costs},
	author={McCrickard, D Scott and Chewar, Christa M},
	journal={Communications of the ACM},
	volume={46},
	number={3},
	pages={67--72},
	year={2003},
	publisher={ACM}
}
@inproceedings{o2015target,
	title={Target data breach: applying user-centered design principles to data breach notifications},
	author={O'Neil, Fer},
	booktitle={Proceedings of the 33rd Annual International Conference on the Design of Communication},
	pages={47},
	year={2015},
	organization={ACM}
}
@book{nielson2015principles,
	title={Principles of program analysis},
	author={Nielson, Flemming and Nielson, Hanne R and Hankin, Chris},
	year={2015},
	publisher={Springer}
}
@inproceedings{sadowski2015tricorder,
	title={Tricorder: Building a program analysis ecosystem},
	author={Sadowski, Caitlin and Van Gogh, Jeffrey and Jaspan, Ciera and Soderberg, Emma and Winter, Collin},
	booktitle={Software Engineering (ICSE), 2015 IEEE/ACM 37th IEEE International Conference on},
	volume={1},
	pages={598--608},
	year={2015},
	organization={IEEE}
}
@inproceedings{ernst2003static,
	title={Static and dynamic analysis: Synergy and duality},
	author={Ernst, Michael D},
	booktitle={WODA 2003: ICSE Workshop on Dynamic Analysis},
	pages={24--27},
	year={2003},
	organization={Citeseer}
}
@misc{jazayeri1997programming,
	title={Programming language concepts},
	author={Jazayeri, Mehdi and GHEZZI, Carlo},
	year={1997},
	publisher={New York: Wiley}
}
@article{mustajoki2008modelling,
	title={Modelling of (mis) communication},
	author={Mustajoki, Arto and others},
	journal={Prikladna lingvistika ta ligvistitshni tehnologii: Megaling-2007},
	volume={35},
	year={2008}
}
@book{griffin2011first,
	title={A first look at communication theory},
	author={Griffin, Emory A and McClish, Glen Arthur},
	year={2011},
	publisher={McGraw-Hill Boston}
}
	
@article{Bessey:2010:Coverity,
	abstract = {How Coverity built a bug-finding tool, and a business, around the unlimited supply of bugs in software systems.},
	author = {Bessey, Al and Engler, Dawson and Block, Ken and Chelf, Ben and Chou, Andy and Fulton, Bryan and Hallem, Seth and Henri-Gros, Charles and Kamsky, Asya and McPeak, Scott},
	doi = {10.1145/1646353.1646374},
	journal = {Commun. ACM},
	number = {2},
	pages = {66--75},
	title = {{A Few Billion Lines of Code Later: Using Static Analysis to Find Bugs in the Real World}},
	volume = {53},
	year = {2010}
}
@inproceedings{Khoo:2008:PathProjection,
	author = {Khoo, Yit P. and Foster, Jeffrey S. and Hicks, Michael and Sazawal, Vibha},
	booktitle = {Proc. PASTE},
	title = {Path Projection for User-Centered Static Analysis Tools},
	pages = {57--63},
	year = {2008}
}
@inproceedings{Ayewah:2010:GFF,
	booktitle = {Proc. ISSTA},
	doi = {10.1145/1831708.1831738},
	keywords = {bug patterns,bugs,false positives,findbugs,java,software defects,software quality,static analysis},
	pages = {241--252},
	title = {{The Google FindBugs Fixit}},
	year = {2010}
}
@inproceedings{Shen:2011:EFindBugs,
	author={Shen, Haihao and Fang, Jianhong and Zhao, Jianjun},
	booktitle={Proc. ICST},
	title={{EFindBugs}: Effective Error Ranking for FindBugs},
	pages={299-308},
	year={2011}
}
@inproceedings{Gegick:2007:AutomatedAnalysis,
	author = {Gegick, Michael and Williams, Laurie},
	booktitle = {Proc. ICIMP},
	keywords = {static analysis; security systems; early defect detection },
	title = {Towards the Use of Automated Static Analysis Alerts for Early Identification of Vulnerability- and Attack-prone Components},
	pages = {18--23},
	year = {2007}
}
@article{Oberg:1992:Gradients,
	abstract = {A technique for nonintrusive error notification during programming that uses graduated color and elision, the temporary hiding of information, is described. Users can see errors and their age by the color and can look at the associated error explanation when they are not busy. Interruption is kept to a minimum during notification, and the explanation is close at hand and complete when it is wanted. The application of this technique to the Cornell synthesizer Generator is discussed, and sample generated displays are presented.},
	author = {Oberg, B. and Notkin, D.},
	doi = {10.1109/52.168856},
	journal = {IEEE Softw.},
	keywords = {Cornell synthesizer Generator,colour,elision,error explanation,error reporting,explanation,graduated color,nonintrusive error notification,programming,programming environments,software tools,user interfaces},
	number = {6},
	pages = {33--38},
	title = {{Error reporting with graduated color}},
	volume = {9},
	year = {1992}
}
@article{Hall:2009:WDM:1656274.1656278,
	author = {Hall, Mark and Frank, Eibe and Holmes, Geoffrey and Pfahringer, Bernhard and Reutemann, Peter and Witten, Ian H.},
	title = {The WEKA Data Mining Software: An Update},
	journal = {SIGKDD Explor. Newsl.},
	issue_date = {June 2009},
	volume = {11},
	number = {1},
	year = {2009},
	issn = {1931-0145},
	pages = {10--18},
	numpages = {9},
	url = {http://doi.acm.org/10.1145/1656274.1656278},
	doi = {10.1145/1656274.1656278}
}
@article{Weiser:1983:Representation,
	author = {Weiser, M. and Shertz, J.},
	journal = {International Journal of Man-Machine Studies},
	number = {4},
	pages = {391--398},
	title = {{Programming problem representation in novice and expert programmers}},
	volume = {19},
	year = {1983}
}
@inproceedings{tew2010developing,
	title={Developing a validated assessment of fundamental CS1 concepts},
	author={Tew, Allison Elliott and Guzdial, Mark},
	booktitle={Proceedings of the 41st ACM technical symposium on Computer science education},
	pages={97--101},
	year={2010},
	organization={ACM}
}
@inproceedings{kaczmarczyk2010identifying,
	title={Identifying student misconceptions of programming},
	author={Kaczmarczyk, Lisa C and Petrick, Elizabeth R and East, J Philip and Herman, Geoffrey L},
	booktitle={Proceedings of the 41st ACM technical symposium on Computer science education},
	pages={107--111},
	year={2010},
	organization={ACM}
}
@misc{stuart2011building,
	title={Building Java Programs: A Back to Basics Approach},
	author={Stuart, Reges and Stepp, M},
	year={2011},
	publisher={Boston: Addison-Wesley}
}
@article{scott2003bloom,
	title={Bloom's taxonomy applied to testing in computer science classes},
	author={Scott, Terry},
	journal={Journal of Computing Sciences in Colleges},
	volume={19},
	number={1},
	pages={267--274},
	year={2003},
	publisher={Consortium for Computing Sciences in Colleges}
}
@techreport{Lewis:1982:ThinkAloudProtocol,
	author = {Lewis, Clayton H},
	booktitle = {IBM Research Report RC9265},
	institution = {IBM},
	number = {RC-9265},
	title = {{Using the ``Thinking Aloud'' Method In Cognitive Interface Design}},
	year = {1982}
}
@inproceedings{Johnson:2012:PreFFSAT,
	author = {Brittany Johnson},
	booktitle = {Proc. ICSE, Student Research Competition},
	keywords = {static analysis; tool development; tool evaluation},
	title = {{A Study on Improving Static Analysis Tools: Why are we not using them?}},
	year = {2012},
}
@article{nelson1967testing,
	title={TESTING AND EVALUATION IN THE BIOLOGICAL SCIENCES.},
	author={NELSON, CLARENCE H},
	year={1967},
	publisher={ERIC}
}
@article{Spinuzzi:2005:Participatory,
	author = {Clay Spinuzzi},
	journal = {Technical Commun.},
	number = {2},
	pages = {163--174},
	title = {{The Methodology of Participatory Design}},
	volume = {52},
	year = {2005}
}
@incollection{Gordon:1998:Coding,
	author = {R. Gordon},
	booktitle = {{Basic Interviewing Skills}},
	title = {Coding Interview Responses},
	publisher = {Waveland Pr Inc.},
	pages = {183--199},
	year = {1998}
}
@article{krapp1999interest,
	title={Interest, motivation and learning: An educational-psychological perspective},
	author={Krapp, Andreas},
	journal={European journal of psychology of education},
	volume={14},
	number={1},
	pages={23--40},
	year={1999},
	publisher={Springer}
}
@article{hall2008we,
	title={What do we know about developer motivation?},
	author={Hall, Tracy and Sharp, Helen and Beecham, Sarah and Baddoo, Nathan and Robinson, Hugh},
	journal={IEEE software},
	volume={25},
	number={4},
	pages={92},
	year={2008},
	publisher={IEEE Computer Society}
}
@inproceedings{fritz2010degree,
	title={A degree-of-knowledge model to capture source code familiarity},
	author={Fritz, Thomas and Ou, Jingwen and Murphy, Gail C and Murphy-Hill, Emerson},
	booktitle={Proceedings of the 32nd ACM/IEEE International Conference on Software Engineering-Volume 1},
	pages={385--394},
	year={2010},
	organization={ACM}
}
@article{biggerstaff1994program,
	title={Program understanding and the concept assignment problem},
	author={Biggerstaff, Ted J and Mitbander, Bharat G and Webster, Dallas E},
	journal={Communications of the ACM},
	volume={37},
	number={5},
	pages={72--82},
	year={1994}
}
@book{robillard2014recommendation,
	title={Recommendation systems in software engineering},
	author={Robillard, Martin P and Maalej, Walid and Walker, Robert J and Zimmermann, Thomas},
	year={2014},
	publisher={Springer}
}
@incollection{fox2011performance,
	title={Performance and Scalability},
	author={Fox, Tim and Scott, John Edward and Spendolini, Scott},
	booktitle={Pro Oracle Application Express 4},
	pages={559--598},
	year={2011},
	publisher={Springer}
}
@article{forster2000key,
	title={Key concepts in model selection: Performance and generalizability},
	author={Forster, Malcolm R},
	journal={Journal of mathematical psychology},
	volume={44},
	number={1},
	pages={205--231},
	year={2000},
	publisher={Elsevier}
}
@inproceedings{smith2013improving,
	title={Improving developer participation rates in surveys},
	author={Smith, Elena and Loftin, Robert and Murphy-Hill, Emerson and Bird, Christian and Zimmermann, Thomas},
	booktitle={Cooperative and Human Aspects of Software Engineering (CHASE), 2013 6th International Workshop on},
	pages={89--92},
	year={2013},
	organization={IEEE}
}
@Manual{RSoftware,
	title = {R: A Language and Environment for Statistical Computing},
	author = {{R Core Team}},
	organization = {R Foundation for Statistical Computing},
	address = {Vienna, Austria},
	year = {2013},
	note = {{ISBN} 3-900051-07-0},
	url = {http://www.R-project.org/},
}
@article{cole1992exploring,
	title={Exploring the relationship among self-reported knowledge, objective knowledge, product usage and consumer decision making},
	author={Cole, Catherine A and Gaeth, Gary and Chakraborty, Goutam and Levin, Irwin},
	journal={Advances in Consumer Research},
	volume={19},
	pages={191},
	year={1992}
}
@article{raju1995differential,
	title={Differential effects of subjective knowledge, objective knowledge, and usage experience on decision making: An exploratory investigation},
	author={Raju, Puthankurissi S and Lonial, Subhash C and Mangold, W Glynn},
	journal={Journal of consumer psychology},
	volume={4},
	number={2},
	pages={153--180},
	year={1995},
	publisher={Elsevier}
}
@inproceedings{ayewah2007evaluating,
	title={Evaluating static analysis defect warnings on production software},
	author={Ayewah, Nathaniel and Pugh, William and Morgenthaler, J David and Penix, John and Zhou, YuQian},
	booktitle={Proceedings of the 7th ACM SIGPLAN-SIGSOFT workshop on Program analysis for software tools and engineering},
	pages={1--8},
	year={2007},
	organization={ACM}
}
@book{Chess:2007:Secure,
	author = {Chess, Brian and West, Jacob},
	booktitle = {Addison-Wesley Professional},
	publisher = {Addison-Wesley Professional},
	pages = {624},
	title = {{Secure Programming with Static Analysis}},
	year = {2007}
}
@inproceedings{Ayewah:2009:Checklists,
	booktitle = {Proc. DEFECTS},
	doi = {10.1145/1555860.1555864},
	keywords = {FindBugs,Java,bug patterns,bugs,false positives,software defects,software quality,static analysis},
	pages = {11--15},
	title = {{Using checklists to review static analysis warnings}},
	year = {2009}
}
@inproceedings{Vorobyov:2010:Comparing,
	author = {Kostyantyn Vorobyov and Krishna, Padmanabhan},
	booktitle = {Proc. SSV},
	title = {{Comparing Model Checking and Static Program Analysis: A Case Study in Error Detection Approaches}},
	pages = {1--7},
	year = {2010}
}
@article{Dastani:2002:Perception,
	author = {Dastani, Mehdi},
	journal = {Journal of Visual Languages and Computing},
	keywords = {HCI, data visualization, visual perception},
	title = {The Role of Visual Perception in Data Visualization},
	volume = {13},
	number = {6},
	pages = {601--622},
	year = {2002}
}
@inproceedings{Heckman:2008:Faultbench,
	abstract = {},
	author = {Heckman, Sarah and Williams, Laurie},
	booktitle = {Proc. ESEM},
	pages = {41-50},
	title = {{On Establishing a Benchmark for Evaluating Static Analysis Alert Prioritization and Classification Techniques}},
	year = {2008}
}
@inproceedings{Layman:2007:FaultFix,
	author={Layman, Lucas and Williams, Laurie and St. Amant, Robert},
	booktitle={Proc. ESEM},
	title={Toward Reducing Fault Fix Time: Understanding Developer Behavior for the Design of Automated Fault Detection Tools},
	pages={176-185},
	year={2007}
}
@inproceedings{lonczewski1996fuse,
	title={The FUSE-System: an Integrated User Interface Design Environment.},
	author={Lonczewski, Frank and Schreiber, Siegfried},
	booktitle={CADUI},
	volume={96},
	pages={37--56},
	year={1996}
}
@inproceedings{ko2004six,
	title={Six learning barriers in end-user programming systems},
	author={Ko, Andrew J and Myers, Brad A and Aung, Htet Htet},
	booktitle={Visual Languages and Human Centric Computing, 2004 IEEE Symposium on},
	pages={199--206},
	year={2004},
	organization={IEEE}
}
@inproceedings{luk2005pin,
	title={Pin: building customized program analysis tools with dynamic instrumentation},
	author={Luk, Chi-Keung and Cohn, Robert and Muth, Robert and Patil, Harish and Klauser, Artur and Lowney, Geoff and Wallace, Steven and Reddi, Vijay Janapa and Hazelwood, Kim},
	booktitle={Acm sigplan notices},
	volume={40},
	number={6},
	pages={190--200},
	year={2005},
	organization={ACM}
}
@article{dugan2000developing,
	title={Developing a low-cost high-quality software tool for dynamic fault-tree analysis},
	author={Dugan, Joanne Bechta and Sullivan, Kevin J and Coppit, David},
	journal={Reliability, IEEE Transactions on},
	volume={49},
	number={1},
	pages={49--59},
	year={2000},
	publisher={IEEE}
}
@inproceedings{hamou2004survey,
	title={A survey of trace exploration tools and techniques},
	author={Hamou-Lhadj, Abdelwahab and Lethbridge, Timothy C},
	booktitle={Proceedings of the 2004 conference of the Centre for Advanced Studies on Collaborative research},
	pages={42--55},
	year={2004},
	organization={IBM Press}
}
@inproceedings{pacione2003comparative,
	title={A comparative evaluation of dynamic visualisation tools},
	author={Pacione, Michael J and Roper, Marc and Wood, Murray},
	booktitle={null},
	pages={80},
	year={2003},
	organization={IEEE}
}
@inproceedings{storey1997rigi,
	title={Rigi: a visualization environment for reverse engineering},
	author={Storey, Margaret-Anne D and Wong, Kenny and M{\"u}ller, Hausi A},
	booktitle={Proceedings of the 19th international conference on Software engineering},
	pages={606--607},
	year={1997},
	organization={ACM}
}
@article{bennett2008survey,
	title={A survey and evaluation of tool features for understanding reverse-engineered sequence diagrams},
	author={Bennett, Chris and Myers, Del and Storey, M-A and German, Daniel M and Ouellet, David and Salois, Martin and Charland, Philippe},
	journal={Journal of Software Maintenance and Evolution: Research and Practice},
	volume={20},
	number={4},
	pages={291--315},
	year={2008},
	publisher={Wiley Online Library}
}
@inproceedings{baca2009static,
	title={Static Code Analysis to Detect Software Security Vulnerabilities-Does Experience Matter?},
	author={Baca, Dejan and Petersen, Kai and Carlsson, Bengt and Lundberg, Lars},
	booktitle={Availability, Reliability and Security, 2009. ARES'09. International Conference on},
	pages={804--810},
	year={2009},
	organization={IEEE}
}
@inproceedings{mucslu2012improving,
	title={Improving IDE recommendations by considering global implications of existing recommendations},
	author={Mu{\c{s}}lu, K{\i}van{\c{c}} and Brun, Yuriy and Holmes, Reid and Ernst, Michael D and Notkin, David},
	booktitle={Proceedings of the 34th International Conference on Software Engineering},
	pages={1349--1352},
	year={2012},
	organization={IEEE Press}
}
@inproceedings{amershi2007unsupervised,
	title={Unsupervised and supervised machine learning in user modeling for intelligent learning environments},
	author={Amershi, Saleema and Conati, Cristina},
	booktitle={Proceedings of the 12th international conference on Intelligent user interfaces},
	pages={72--81},
	year={2007},
	organization={ACM}
}
@article{perscheid2012test,
	title={Test-driven fault navigation for debugging reproducible failures},
	author={Perscheid, Michael and Haupt, Michael and Hirschfeld, Robert and Masuhara, Hidehiko},
	journal={Information and Media Technologies},
	volume={7},
	number={4},
	pages={1377--1400},
	year={2012},
	publisher={Information and Media Technologies Editorial Board}
}
@inproceedings{eagle2015measuring,
	title={Measuring Implicit Science Learning with Networks of Player-Game Interactions},
	author={Eagle, Michael and Rowe, Elizabeth and Hicks, Drew and Brown, Rebecca and Barnes, Tiffany and Asbell-Clarke, Jodi and Edwards, Teon},
	booktitle={Proceedings of the 2015 Annual Symposium on Computer-Human Interaction in Play},
	pages={499--504},
	year={2015},
	organization={ACM}
}
@inproceedings{hicks2014building,
	title={Building games to learn from their players: Generating hints in a serious game},
	author={Hicks, Andrew and Peddycord III, Barry and Barnes, Tiffany},
	booktitle={Intelligent Tutoring Systems},
	pages={312--317},
	year={2014},
	organization={Springer}
}
@article{stamper2009unsupervised,
	title={Unsupervised MDP Value Selection for Automating ITS Capabilities.},
	author={Stamper, John and Barnes, Tiffany},
	journal={International Working Group on Educational Data Mining},
	year={2009},
	publisher={ERIC}
}
@inproceedings{stylos2009improving,
	title={Improving API documentation using API usage information},
	author={Stylos, Jeffrey and Faulring, Andrew and Yang, Zizhuang and Myers, Brad A},
	booktitle={Visual Languages and Human-Centric Computing, 2009. VL/HCC 2009. IEEE Symposium on},
	pages={119--126},
	year={2009},
	organization={IEEE}
}
@inproceedings{foster2012witchdoctor,
	title={WitchDoctor: IDE support for real-time auto-completion of refactorings},
	author={Foster, Stephen R and Griswold, William G and Lerner, Sorin},
	booktitle={Proceedings of the 34th International Conference on Software Engineering},
	pages={222--232},
	year={2012},
	organization={IEEE Press}
}
@book{Blandy2015,
author = {Blandy, Jim},
booktitle = {Journal of Chemical Information and Modeling},
publisher = {O'Reilly Media},
title = {{Why Rust? Trustworthy, Concurrent Systems Programming}},
volume = {53},
year = {2015}
}
@inproceedings{zingaro2010experience,
  title={Experience report: Peer instruction in remedial computer science},
  author={Zingaro, Daniel},
  booktitle={Proceedings of the 22nd World Conference on Educational Multimedia, Hypermedia \& Telecommunications},
  pages={5030--5035},
  year={2010}
}
@article{biddle1998java,
  title={Java pitfalls for beginners},
  author={Biddle, Robert and Tempero, Ewan},
  journal={ACM SIGCSE Bulletin},
  volume={30},
  number={2},
  pages={48--52},
  year={1998},
  publisher={ACM}
}
@inproceedings{schmolitzky2006teaching,
  title={Teaching inheritance concepts with Java},
  author={Schmolitzky, Axel},
  booktitle={Proceedings of the 4th international symposium on Principles and practice of programming in Java},
  pages={203--207},
  year={2006},
  organization={ACM}
}
@book{Gosling:1996:JLS:560667,
 author = {Gosling, James and Joy, Bill and Steele, Guy L.},
 title = {The  Java Language Specification},
 year = {1996},
 isbn = {0201634511},
 edition = {1st},
 publisher = {Addison-Wesley Longman Publishing Co., Inc.},
 address = {Boston, MA, USA},
}
@inproceedings{thompson2008bloom,
  title={Bloom's taxonomy for CS assessment},
  author={Thompson, Errol and Luxton-Reilly, Andrew and Whalley, Jacqueline L and Hu, Minjie and Robbins, Phil},
  booktitle={Proceedings of the tenth conference on Australasian computing education-Volume 78},
  pages={155--161},
  year={2008},
  organization={Australian Computer Society, Inc.}
}
@inproceedings{tew2010developing,
	title={Developing a validated assessment of fundamental CS1 concepts},
	author={Tew, Allison Elliott and Guzdial, Mark},
	booktitle={Proceedings of the 41st ACM technical symposium on Computer science education},
	pages={97--101},
	year={2010},
	organization={ACM}
}
@inproceedings{parker2016replication,
  title={Replication, Validation, and Use of a Language Independent CS1 Knowledge Assessment},
  author={Parker, Miranda C and Guzdial, Mark and Engleman, Shelly},
  booktitle={Proceedings of the 2016 ACM Conference on International Computing Education Research},
  pages={93--101},
  year={2016},
  organization={ACM}
}
@article{boopathiraj2013analysis,
  title={Analysis of test items on difficulty level and discrimination index in the test for research in education},
  author={Boopathiraj, C and Chellamani, K},
  journal={International Journal of Social Science \& Interdisciplinary Research},
  volume={2},
  number={2},
  pages={189--193},
  year={2013}
}
@article{pellegrino2002knowing,
  title={Knowing what students know},
  author={Pellegrino, James W},
  journal={Issues in science and technology},
  volume={19},
  number={2},
  pages={48--52},
  year={2002},
  publisher={JSTOR}
}
@book{pellegrino2001knowing,
  title={Knowing what students know: The science and design of educational assessment},
  author={Pellegrino, James W and Chudowsky, Naomi and Glaser, Robert and others},
  year={2001},
  publisher={National Academies Press}
}
@article{mintzes2001assessing,
  title={Assessing understanding in biology},
  author={Mintzes, Joel J and Wandersee, James H and Novak, Joseph D},
  journal={Journal of Biological Education},
  volume={35},
  number={3},
  pages={118--124},
  year={2001},
  publisher={Taylor \& Francis}
}
@article{pendley1994concept,
  title={Concept maps as a tool to assess learning in chemistry},
  author={Pendley, Bradford D and Bretz, Richard L and Novak, Joseph D},
  journal={J. Chem. Educ},
  volume={71},
  number={1},
  pages={9},
  year={1994},
  publisher={ACS Publications}
}
@article{novak2008theory,
  title={The theory underlying concept maps and how to construct and use them},
  author={Novak, Joseph D and Ca{\~n}as, Alberto J},
  year={2008},
  publisher={Institute for Human and Machine Cognition}
}
@article{d2008biology,
  title={Biology concept inventories: overview, status, and next steps},
  author={D'Avanzo, Charlene},
  journal={BioScience},
  volume={58},
  number={11},
  pages={1079--1085},
  year={2008},
  publisher={Oxford University Press}
}
@inproceedings{Tew2010Validated,
 author = {Tew, Allison Elliott and Guzdial, Mark},
 title = {Developing a Validated Assessment of Fundamental CS1 Concepts},
 booktitle = {Proceedings of the 41st ACM Technical Symposium on Computer Science Education},
 series = {SIGCSE '10},
 year = {2010},
 pages = {97--101},
 numpages = {5},
 publisher = {ACM}
} 
@inproceedings{almstrum2006concept,
  title={Concept inventories in computer science for the topic discrete mathematics},
  author={Almstrum, Vicki L and Henderson, Peter B and Harvey, Valerie and Heeren, Cinda and Marion, William and Riedesel, Charles and Soh, Leen-Kiat and Tew, Allison Elliott},
  booktitle={ACM SIGCSE Bulletin},
  volume={38},
  number={4},
  pages={132--145},
  year={2006},
  organization={ACM}
}
@inproceedings{evans2003progress,
  title={Progress on concept inventory assessment tools},
  author={Evans, DL and Gray, Gary L and Krause, Stephen and Martin, Jay and Midkiff, Clark and Notaros, Branislav M and Pavelich, Michael and Rancour, David and Reed-Rhoads, Teri and Steif, Paul and others},
  booktitle={Frontiers in Education, 2003. FIE 2003 33rd Annual},
  volume={1},
  pages={T4G--1},
  year={2003},
  organization={IEEE}
}
@inproceedings{Karpierz2014Misconception,
 author = {Karpierz, Kuba and Wolfman, Steven A.},
 title = {Misconceptions and Concept Inventory Questions for Binary Search Trees and Hash Tables},
 booktitle = {Proceedings of the 45th ACM Technical Symposium on Computer Science Education},
 series = {SIGCSE '14},
 year = {2014},
 pages = {109--114},
} 
@article{krone2010reasoning,
  title={A reasoning concept inventory for computer science},
  author={Krone, Joan and Hollingsworth, Joseph E and Sitaraman, Murali and Hallstrom, Jason O},
  journal={Clemson University},
  year={2010}
}
@article{hestenes1992force,
  title={Force concept inventory},
  author={Hestenes, David and Wells, Malcolm and Swackhamer, Gregg and others},
  journal={The physics teacher},
  volume={30},
  number={3},
  pages={141--158},
  year={1992}
}
@inproceedings{johnson2015bespoke,
  title={Bespoke tools: adapted to the concepts developers know},
  author={Johnson, Brittany and Pandita, Rahul and Murphy-Hill, Emerson and Heckman, Sarah},
  booktitle={Proceedings of the 2015 10th Joint Meeting on Foundations of Software Engineering},
  pages={878--881},
  year={2015},
  organization={ACM}
}
@article{caldwell2007clickers,
  title={Clickers in the large classroom: Current research and best-practice tips},
  author={Caldwell, Jane E},
  journal={CBE-Life sciences education},
  volume={6},
  number={1},
  pages={9--20},
  year={2007},
  publisher={Am Soc Cell Biol}
}
@misc{DeveloperLibFront,
key = {zzDeveloperLibFront},
title = {{Developer Liberation Front}},
note={\url{http://research.csc.ncsu.edu/dlf/}}
}
@Manual{JMP,
  title = {JMP Pro},
  author = {SAS Institute, Inc.},
  address = {Cary, NC},
  year = {1989--2007}
}
@book{exley2009giving,
  title={Giving a lecture: From presenting to teaching},
  author={Exley, Kate and Dennick, Reg},
  year={2009},
  publisher={Routledge}
}
@inproceedings{ghezzi2005challenges,
  title={The challenges of software engineering education},
  author={Ghezzi, Carlo and Mandrioli, Dino},
  booktitle={International Conference on Software Engineering},
  pages={115--127},
  year={2005},
  organization={Springer}
}
@article{ohlsson1995practice,
  title={A practice driven approach to software engineering education},
  author={Ohlsson, Lennart and Johansson, Conny},
  journal={IEEE Transactions on Education},
  volume={38},
  number={3},
  pages={291--295},
  year={1995},
  publisher={IEEE}
}
@inproceedings{shaw2000software,
  title={Software engineering education: a roadmap},
  author={Shaw, Mary},
  booktitle={Proceedings of the conference on The future of Software Engineering},
  pages={371--380},
  year={2000},
  organization={ACM}
}
@article{timothy2000knowledge,
  title={What knowledge is important to a software professional?},
  author={Timothy, C},
  journal={IEEE Software},
  pages={44--50},
  year={2000}
}
@article{starr2008bloom,
  title={Bloom's taxonomy revisited: specifying assessable learning objectives in computer science},
  author={Starr, Christopher W and Manaris, Bill and Stalvey, RoxAnn H},
  journal={ACM SIGCSE Bulletin},
  volume={40},
  number={1},
  pages={261--265},
  year={2008},
  publisher={ACM}
}
@article{vahrenhold2014developing,
  title={Developing and validating test items for first-year computer science courses},
  author={Vahrenhold, Jan and Paul, Wolfgang},
  journal={Computer Science Education},
  volume={24},
  number={4},
  pages={304--333},
  year={2014},
  publisher={Taylor \& Francis}
}
@article{taylor2014computer,
  title={Computer science concept inventories: past and future},
  author={Taylor, Cynthia and Zingaro, Daniel and Porter, Leo and Webb, Kevin C and Lee, Cynthia Bailey and Clancy, M},
  journal={Computer Science Education},
  volume={24},
  number={4},
  pages={253--276},
  year={2014},
  publisher={Taylor \& Francis}
}
@article{mills1980software,
  title={Software engineering education},
  author={Mills, Harlan D},
  journal={Proceedings of the IEEE},
  volume={68},
  number={9},
  pages={1158--1162},
  year={1980},
  publisher={IEEE}
}
@inproceedings{hilburn1995integration,
  title={The integration of software engineering into a computer science curriculum},
  author={Hilburn, Thomas B and Hirmanpour, Iraj and Kornecki, Andrew},
  booktitle={Conference on Software Engineering Education},
  pages={87--97},
  year={1995},
  organization={Springer}
}
@inproceedings{jackson1997strategies,
  title={Strategies for effective integration of software engineering concepts and techniques into the undergraduate computer science curriculum},
  author={Jackson, Ursula and Manaris, Bill Z and McCauley, Ren{\'e}e A},
  booktitle={ACM SIGCSE Bulletin},
  volume={29},
  number={1},
  pages={360--364},
  year={1997},
  organization={ACM}
}
@inproceedings{theisen2016software,
  title={Software security education at scale},
  author={Theisen, Christopher and Williams, Laurie and Oliver, Kevin and Murphy-Hill, Emerson},
  booktitle={Proceedings of the 38th International Conference on Software Engineering Companion},
  pages={346--355},
  year={2016},
  organization={ACM}
}
@inproceedings{garcia2003comparative,
  title={A comparative study of language support for generic programming},
  author={Garcia, Ronald and Jarvi, Jaakko and Lumsdaine, Andrew and Siek, Jeremy G and Willcock, Jeremiah},
  booktitle={OOPSLA},
  volume={3},
  number={36},
  pages={115--134},
  year={2003}
}
@inproceedings{khairuddin2008application,
  title={Application of Bloom’s taxonomy in software engineering assessments},
  author={Khairuddin, Nurul Naslia and Hashim, Khairuddin},
  booktitle={Proceedings of the 8th WSEAS International Conference on Applied Computer Science},
  pages={21--3},
  year={2008}
}
@inproceedings{wohlin1999achieving,
  title={Achieving industrial relevance in software engineering education},
  author={Wohlin, Claes and Regnell, Bj{\"o}rn},
  booktitle={Software Engineering Education and Training, 1999. Proceedings. 12th Conference on},
  pages={16--25},
  year={1999},
  organization={IEEE}
}
@article{layman2006personality,
  title={Personality types, learning styles, and an agile approach to software engineering education},
  author={Layman, Lucas and Cornwell, Travis and Williams, Laurie},
  journal={ACM SIGCSE Bulletin},
  volume={38},
  number={1},
  pages={428--432},
  year={2006},
  publisher={ACM}
}
@inproceedings{reichlmay2006collaborating,
  title={Collaborating with industry: strategies for an undergraduate software engineering program},
  author={Reichlmay, Thomas J},
  booktitle={Proceedings of the 2006 international workshop on Summit on software engineering education},
  pages={13--16},
  year={2006},
  organization={ACM}
}
@inproceedings{postema2001including,
  title={Including practical software evolution in software engineering education},
  author={Postema, Margot and Miller, Jan and Dick, Martin},
  booktitle={Software Engineering Education and Training, 2001. Proceedings. 14th Conference on},
  pages={127--135},
  year={2001},
  organization={IEEE}
}
@inproceedings{lethbridge2007improving,
  title={Improving software practice through education: Challenges and future trends},
  author={Lethbridge, Timothy C and Diaz-Herrera, Jorge and Richard Jr, J and Thompson, J Barrie and others},
  booktitle={Future of Software Engineering, 2007. FOSE'07},
  pages={12--28},
  year={2007},
  organization={IEEE}
}
@article{petkovic2006teaching,
  title={Teaching practical software engineering and global software engineering: evaluation and comparison},
  author={Petkovic, Dragutin and Thompson, Gary and Todtenhoefer, Rainer},
  journal={ACM SIGCSE Bulletin},
  volume={38},
  number={3},
  pages={294--298},
  year={2006},
  publisher={ACM}
}
@article{long2008critical,
  title={The Critical Need for Software Engineering Education},
  author={Long, Lyle N},
  journal={CrossTalk},
  volume={21},
  number={1},
  pages={6--10},
  year={2008},
  publisher={Citeseer}
}
@inproceedings{ye2007enhancing,
  title={Enhancing software engineering education using teaching aids in 3-D online virtual worlds},
  author={Ye, En and Liu, Chang and Polack-Wahl, Jennifer A},
  booktitle={2007 37th Annual Frontiers In Education Conference-Global Engineering: Knowledge Without Borders, Opportunities Without Passports},
  pages={T1E--8},
  year={2007},
  organization={IEEE}
}
@inproceedings{barik2013community,
  title={A community college blended learning classroom experience through Artificial Intelligence in Games},
  author={Barik, Titus and Everett, Michael and Cardona-Rivera, Rogelio E and Roberts, David L and Gehringer, Edward F},
  booktitle={2013 IEEE Frontiers in Education Conference (FIE)},
  pages={1525--1531},
  year={2013},
  organization={IEEE}
}
@misc{SunJDK,
	key ={zzzSunJDK},
	title={{Oracle Java SE} Downloads},
	note={\url{http://www.oracle.com/technetwork/java/javase/downloads/index.html}}
}
@MISC{log4j,
	title = {{log4j}},
	note = {\url{http://logging.apache.org/log4j/}},
	key = {zzlog4j}
}
@MISC{ANT,
	title = {{ANT}},
	note = {\url{http://ant.apache.org/}},
	key = {zzANT}
}
@inproceedings{Burkhardt:1997:Mental,
	title={Mental representations constructed by experts and novices in object-oriented program comprehension},
	author={Burkhardt, Jean-Marie and D{\'e}tienne, Fran{\c{c}}oise and Wiedenbeck, Susan},
	booktitle={Proceedings of the Human-Computer Interaction Conference},
	pages={339--346},
	year={1997},
	organization={Springer}
}
@article{Canas:1994:Mental,
	title={Mental models and computer programming},
	author={Ca{\~n}as, Jos{\'e} Juan and Bajo, Maria Teresa and Gonzalvo, Pilar},
	journal={International Journal of Human-Computer Studies},
	volume={40},
	number={5},
	pages={795--811},
	year={1994}
}
@article{anderssonmining,
	title={Mining Relations from Git Commit MessagesÑan Experience Report},
	author={Andersson, Rikard and Ericsson, Morgan and Wingkvist, Anna}
}
@article{haapio2011exploring,
	title={Exploring the effort of general software project activities with data mining},
	author={Haapio, Topi and Menzies, Tim},
	journal={International Journal of Software Engineering and Knowledge Engineering},
	volume={21},
	number={05},
	pages={725--753},
	year={2011}
}
@inproceedings{blythe2001integrated,
	title={An integrated environment for knowledge acquisition},
	author={Blythe, Jim and Kim, Jihie and Ramachandran, Surya and Gil, Yolanda},
	booktitle={Proceedings of the 6th international conference on Intelligent user interfaces},
	pages={13--20},
	year={2001},
	organization={ACM}
}
@article{yannakakis2013player,
	title={Player Modeling.},
	author={Yannakakis, Georgios N and Spronck, Pieter and Loiacono, Daniele and Andr{\'e}, Elisabeth},
	journal={Artificial and Computational Intelligence in Games},
	volume={6},
	pages={45--59},
	year={2013}
}
@inproceedings{harrison2012creating,
	title={Creating Model-Based Adaptive Environments Using Game-Specific and Game-Dependent Analytics},
	author={Harrison, Brent},
	booktitle={Eighth Artificial Intelligence and Interactive Digital Entertainment Conference},
	year={2012}
}
@article{rich1992seven,
	title={Seven layers of knowledge representation and reasoning in support of software development},
	author={Rich, Charles and Feldman, Yishai A.},
	journal={IEEE Transactions on Software Engineering},
	volume={18},
	number={6},
	pages={451--469},
	year={1992}
}
@article{robillard1999role,
	title={The role of knowledge in software development},
	author={Robillard, Pierre N},
	journal={Communications of the ACM},
	volume={42},
	number={1},
	pages={87--92},
	year={1999}
}
@article{devanbu1991lassie,
	title={LaSSIE: A knowledge-based software information system},
	author={Devanbu, Prem and Brachman, Ron and Selfridge, Peter G and Ballard, Bruce W},
	journal={Communications of the ACM},
	volume={34},
	number={5},
	pages={34--49},
	year={1991}
}
@inproceedings{chajewska2000making,
	title={Making rational decisions using adaptive utility elicitation},
	author={Chajewska, Urszula and Koller, Daphne and Parr, Ronald},
	booktitle={AAAI/IAAI},
	pages={363--369},
	year={2000}
}
@article{boehm1988spiral,
	title={A spiral model of software development and enhancement},
	author={Boehm, Barry W.},
	journal={Computer},
	volume={21},
	number={5},
	pages={61--72},
	year={1988}
}
@inproceedings{Briand:1993:MMR,
	author = {Briand, Lionel C. and Thomas, William M. and Hetmanski, Christopher J.},
	booktitle = {Proceedings of the International Conference on Software Engineering},
	pages = {55--65},
	title = {{Modeling and managing risk early in software development}},
	year = {1993}
}
@inproceedings{nagappan2004preliminary,
	title={Preliminary results on using static analysis tools for software inspection},
	author={Nagappan, Nachiappan and Williams, Laurie and Hudepohl, John and Snipes, Will and Vouk, Mladen},
	booktitle={Software Reliability Engineering, 2004. ISSRE 2004. 15th International Symposium on},
	pages={429--439},
	year={2004},
	organization={IEEE}
}
@inproceedings{gross2005evaluating,
	title={Evaluating assessments of novice programming environments},
	author={Gross, Paul and Powers, Kris},
	booktitle={Proceedings of the first international workshop on Computing education research},
	pages={99--110},
	year={2005},
	organization={ACM}
}
@article{gosling1995java,
	title={The Java language environment},
	author={Gosling, James and McGilton, Henry},
	journal={Sun Microsystems Computer Company},
	volume={2550},
	year={1995}
}
@misc{popularlanguages,
	author = {CodeEval},
	title = {Most Popular Coding Languages of 2015},
	journal = {CodeEval},
	type = {Blog},
	number = {February 9},
	year = {2015},
	note = {\url{http://goo.gl/mMRfRh}}
}
@article{tew2010assessing,
	title={Assessing fundamental introductory computing concept knowledge in a language independent manner},
	author={Tew, Allison Elliott},
	year={2010}
}
@inproceedings{grossman2009survey,
	title={A survey of software learnability: metrics, methodologies and guidelines},
	author={Grossman, Tovi and Fitzmaurice, George and Attar, Ramtin},
	booktitle={Proceedings of the SIGCHI Conference on Human Factors in Computing Systems},
	pages={649--658},
	year={2009},
	organization={ACM}
}
@article{b1998task,
	title={Task interruption and its effects on memory},
	author={B. Edwards, Mark and Gronlund, Scott D},
	journal={Memory},
	volume={6},
	number={6},
	pages={665--687},
	year={1998}
}
@article{murray1999authoring,
	title={Authoring intelligent tutoring systems: An analysis of the state of the art},
	author={Murray, Tom},
	journal={International Journal of Artificial Intelligence in Education (IJAIED)},
	volume={10},
	pages={98--129},
	year={1999}
}
@article{zou2008adapting,
	title={Adapting the User Interface of Integrated Development Environments (IDEs) for Novice Users.},
	author={Zou, Ying and Lerner, Michael and Leung, Alex and Morisson, Scott and Wringe, Matt},
	journal={Journal of Object Technology},
	volume={7},
	number={7},
	pages={55--74},
	year={2008}
}
@misc{stuart2011building,
	title={Building Java Programs: A Back to Basics Approach},
	author={Stuart, Reges and Stepp, M},
	year={2011}
}
@article{Hall:2009:WDM:1656274.1656278,
	author = {Hall, Mark and Frank, Eibe and Holmes, Geoffrey and Pfahringer, Bernhard and Reutemann, Peter and Witten, Ian H.},
	title = {The WEKA Data Mining Software: An Update},
	journal = {SIGKDD Explor. Newsl.},
	issue_date = {June 2009},
	volume = {11},
	number = {1},
	year = {2009},
	issn = {1931-0145},
	pages = {10--18},
	numpages = {9},
	url = {http://doi.acm.org/10.1145/1656274.1656278},
	doi = {10.1145/1656274.1656278}
}
@book{olson2008advanced,
	title={Advanced data mining techniques},
	author={Olson, David L and Delen, Dursun},
	year={2008},
	publisher={Springer Science \& Business Media}
}
@inproceedings{egelman2015scaling,
	title={Scaling the Security Wall: Developing a Security Behavior Intentions Scale (SeBIS)},
	author={Egelman, Serge and Peer, Eyal},
	booktitle={Proceedings of the 33rd Annual ACM Conference on Human Factors in Computing Systems},
	pages={2873--2882},
	year={2015},
	organization={ACM}
}
@inproceedings{Johnson:2013:Why,
	title={Why don't software developers use static analysis tools to find bugs?},
	author={Johnson, Brittany and Song, Yoonki and Murphy-Hill, Emerson and Bowdidge, Robert},
	booktitle={Software Engineering (ICSE), 2013 35th International Conference on},
	pages={672--681},
	year={2013},
	organization={IEEE}
}
@article{adolph2011using,
	title={Using grounded theory to study the experience of software development},
	author={Adolph, Steve and Hall, Wendy and Kruchten, Philippe},
	journal={Empirical Software Engineering},
	volume={16},
	number={4},
	pages={487--513},
	year={2011},
	publisher={Springer}
}
@book{griffin2011first,
	title={A first look at communication theory},
	author={Griffin, Emory A and McClish, Glen Arthur},
	year={2011},
	publisher={McGraw-Hill Boston}
}
@article{YangWebb09,
	author = {Y. Yang and G.I. Webb},
	title = {Discretization for Naive-Bayes Learning: Managing Discretization Bias and Variance},
	journal = {Machine Learning},
	year = {2009},
	volume = {74},
	number = {1},
	pages = {39-74}
}
@inproceedings{dougherty1995supervised,
	title={Supervised and unsupervised discretization of continuous features},
	author={Dougherty, James and Kohavi, Ron and Sahami, Mehran and others},
	booktitle={Machine learning: proceedings of the twelfth international conference},
	volume={12},
	pages={194--202},
	year={1995}
}
@article{lord1952relation,
	title={The relation of the reliability of multiple-choice tests to the distribution of item difficulties},
	author={Lord, Frederic M},
	journal={Psychometrika},
	volume={17},
	number={2},
	pages={181--194},
	year={1952},
	publisher={Springer}
}
@article{argote2011organizational,
	title={Organizational learning: From experience to knowledge},
	author={Argote, Linda and Miron-Spektor, Ella},
	journal={Organization science},
	volume={22},
	number={5},
	pages={1123--1137},
	year={2011},
	publisher={INFORMS}
}
@article{witten1999weka,
	title={Weka: Practical machine learning tools and techniques with Java implementations},
	author={Witten, Ian H and Frank, Eibe and Trigg, Len and Hall, Mark and Holmes, Geoffrey and Cunningham, Sally Jo},
	year={1999},
	publisher={Department of Computer Science, University of Waikato}
}
@article{krapp1999interest,
	title={Interest, motivation and learning: An educational-psychological perspective},
	author={Krapp, Andreas},
	journal={European journal of psychology of education},
	volume={14},
	number={1},
	pages={23--40},
	year={1999},
	publisher={Springer}
}
@article{hall2008we,
	title={What do we know about developer motivation?},
	author={Hall, Tracy and Sharp, Helen and Beecham, Sarah and Baddoo, Nathan and Robinson, Hugh},
	journal={IEEE software},
	volume={25},
	number={4},
	pages={92},
	year={2008},
	publisher={IEEE Computer Society}
}
@inproceedings{pazzani1996syskill,
	title={Syskill \& Webert: Identifying interesting web sites},
	author={Pazzani, Michael J and Muramatsu, Jack and Billsus, Daniel and others},
	booktitle={AAAI/IAAI, Vol. 1},
	pages={54--61},
	year={1996}
}
@article{schlungbaum1996model,
	title={Model-based user interface software tools-current state of declarative models},
	author={Schlungbaum, Egbert},
	year={1996},
	publisher={Georgia Institute of Technology}
}
@inproceedings{johnson2016cross,
	title={A cross-tool communication study on program analysis tool notifications},
	author={Johnson, Brittany and Pandita, Rahul and Smith, Justin and Ford, Denae and Elder, Sarah and Murphy-Hill, Emerson and Heckman, Sarah and Sadowski, Caitlin},
	booktitle={Proceedings of the 2016 24th ACM SIGSOFT International Symposium on Foundations of Software Engineering},
	pages={73--84},
	year={2016},
	organization={ACM}
}
@inproceedings{smith2015questions,
	title={Questions developers ask while diagnosing potential security vulnerabilities with static analysis},
	author={Smith, Justin and Johnson, Brittany and Murphy-Hill, Emerson and Chu, Bill and Lipford, Heather Richter},
	booktitle={Proceedings of the 2015 10th Joint Meeting on Foundations of Software Engineering},
	pages={248--259},
	year={2015},
	organization={ACM}
}
@article{fayyad1993multi,
	title={Multi-interval discretization of continuous-valued attributes for classification learning},
	author={Fayyad, Usama and Irani, Keki},
	year={1993}
}
@phdthesis{hall1999correlation,
	title={Correlation-based feature selection for machine learning},
	author={Hall, Mark A},
	year={1999},
	school={The University of Waikato}
}
@article{menzies2007data,
	title={Data mining static code attributes to learn defect predictors},
	author={Menzies, Tim and Greenwald, Jeremy and Frank, Art},
	journal={IEEE transactions on software engineering},
	volume={33},
	number={1},
	year={2007},
	publisher={IEEE}
}
@inproceedings{menzies2004assessing,
	title={Assessing predictors of software defects},
	author={Menzies, Tim and DiStefano, Justin and Orrego, Andres and Chapman, R},
	booktitle={Proc. Workshop Predictive Software Models},
	year={2004}
}
@inproceedings{heckman2009model,
	title={A model building process for identifying actionable static analysis alerts},
	author={Heckman, Sarah and Williams, Laurie},
	booktitle={Software Testing Verification and Validation, 2009. ICST'09. International Conference on},
	pages={161--170},
	year={2009},
	organization={IEEE}
}
@article{wolpert1997no,
	title={No free lunch theorems for optimization},
	author={Wolpert, David H and Macready, William G},
	journal={IEEE transactions on evolutionary computation},
	volume={1},
	number={1},
	pages={67--82},
	year={1997},
	publisher={IEEE}
}

@inproceedings{posnett2013dual,
	title={Dual ecological measures of focus in software development},
	author={Posnett, Daryl and D'Souza, Raissa and Devanbu, Premkumar and Filkov, Vladimir},
	booktitle={Proceedings of the 2013 International Conference on Software Engineering},
	pages={452--461},
	year={2013},
	organization={IEEE Press}
}

@inproceedings{murukannaiah2014xipho,
	title={Xipho: Extending Tropos to engineer context-aware personal agents},
	author={Murukannaiah, Pradeep K and Singh, Munindar P},
	booktitle={Proceedings of the 2014 international conference on Autonomous agents and multi-agent systems},
	pages={309--316},
	year={2014},
	organization={International Foundation for Autonomous Agents and Multiagent Systems}
}

@article{hong2009context,
	title={Context-aware systems: A literature review and classification},
	author={Hong, Jong-yi and Suh, Eui-ho and Kim, Sung-Jin},
	journal={Expert Systems with Applications},
	volume={36},
	number={4},
	pages={8509--8522},
	year={2009},
	publisher={Elsevier}
}
@misc{DeveloperLibFront,
	key = {zzDeveloperLibFront},
	title = {{Developer Liberation Front}},
	note={\url{http://research.csc.ncsu.edu/dlf/}}
}
@inproceedings{johnson2016cross,
	title={A cross-tool communication study on program analysis tool notifications},
	author={Johnson, Brittany and Pandita, Rahul and Smith, Justin and Ford, Denae and Elder, Sarah and Murphy-Hill, Emerson and Heckman, Sarah and Sadowski, Caitlin},
	booktitle={Proceedings of the 2016 24th ACM SIGSOFT International Symposium on Foundations of Software Engineering},
	pages={73--84},
	year={2016},
	organization={ACM}
}
@inproceedings{costa2016tipmerge,
	title={TIPMerge: recommending experts for integrating changes across branches},
	author={Costa, Catarina and Figueiredo, Jair and Murta, Leonardo and Sarma, Anita},
	booktitle={Proceedings of the 2016 24th ACM SIGSOFT International Symposium on Foundations of Software Engineering},
	pages={523--534},
	year={2016},
	organization={ACM}
}
@inproceedings{balachandran2013reducing,
	title={Reducing human effort and improving quality in peer code reviews using automatic static analysis and reviewer recommendation},
	author={Balachandran, Vipin},
	booktitle={Software Engineering (ICSE), 2013 35th International Conference on},
	pages={931--940},
	year={2013},
	organization={IEEE}
}
@book{van2004concepts,
	title={Concepts, techniques, and models of computer programming},
	author={Van-Roy, Peter and Haridi, Seif},
	year={2004},
	publisher={MIT press}
}
@article{lui2006pair,
	title={Pair programming productivity: Novice--novice vs. expert--expert},
	author={Lui, Kim Man and Chan, Keith CC},
	journal={International Journal of Human-computer studies},
	volume={64},
	number={9},
	pages={915--925},
	year={2006},
	publisher={Elsevier}
}
@article{plonka2015knowledge,
	title={Knowledge transfer in pair programming: An in-depth analysis},
	author={Plonka, Laura and Sharp, Helen and Van der Linden, Janet and Dittrich, Yvonne},
	journal={International journal of human-computer studies},
	volume={73},
	pages={66--78},
	year={2015},
	publisher={Elsevier}
}
@inproceedings{murphy2011peer,
	title={Peer interaction effectively, yet infrequently, enables programmers to discover new tools},
	author={Murphy-Hill, Emerson and Murphy, Gail C},
	booktitle={Proceedings of the ACM 2011 conference on Computer supported cooperative work},
	pages={405--414},
	year={2011},
	organization={ACM}
}
@inproceedings{ayewah2010google,
	title={The google findbugs fixit},
	author={Ayewah, Nathaniel and Pugh, William},
	booktitle={Proceedings of the 19th international symposium on Software testing and analysis},
	pages={241--252},
	year={2010},
	organization={ACM}
}
@article{gorsuch1997exploratory,
	title={Exploratory factor analysis: Its role in item analysis},
	author={Gorsuch, Richard L},
	journal={Journal of personality assessment},
	volume={68},
	number={3},
	pages={532--560},
	year={1997},
	publisher={Taylor \& Francis}
}
@article{basili1979investigation,
	title={An Investigation of Human Factors in Software Development.},
	author={Basili, Victor R and Reiter Jr, Robert W},
	journal={IEEE Computer},
	volume={12},
	number={12},
	pages={21--38},
	year={1979}
}
@inproceedings{jiang2013personalized,
	title={Personalized defect prediction},
	author={Jiang, Tian and Tan, Lin and Kim, Sunghun},
	booktitle={Automated Software Engineering (ASE), 2013 IEEE/ACM 28th International Conference on},
	pages={279--289},
	year={2013},
	organization={IEEE}
}
@article{zhang2005missing,
	title={" Missing is useful": missing values in cost-sensitive decision trees},
	author={Zhang, Shichao and Qin, Zhenxing and Ling, Charles X and Sheng, Shengli},
	journal={IEEE transactions on knowledge and data engineering},
	volume={17},
	number={12},
	pages={1689--1693},
	year={2005},
	publisher={IEEE}
}
@misc{kotsiantis2007supervised,
	title={Supervised machine learning: A review of classification techniques},
	author={Kotsiantis, Sotiris B and Zaharakis, I and Pintelas, P},
	year={2007}
}
@article{dreyfus2004five,
	title={The five-stage model of adult skill acquisition},
	author={Dreyfus, Stuart E},
	journal={Bulletin of science, technology \& society},
	volume={24},
	number={3},
	pages={177--181},
	year={2004},
	publisher={Sage Publications}
}
@misc{eclipseASTParser,
	title={ASTParser Documentation},
	author={Eclipse Foundation},
	year={2015},
	note={\url{http://help.eclipse.org/mars/index.jsp?topic=\%2Forg.eclipse.jdt.doc.isv\%2Freference\%2Fapi\%2Forg\%2Feclipse\%2Fjdt\%2Fcore\%2Fdom\%2FASTParser.html}}
}
@TechReport{Johnson:1978:Lint,
institution =  {Bell Laboratories},
author = {S. C. Johnson},
title = {{Lint, a C Program Checker}},
year = {1978},
}
@MISC{IntelliJIDEA,
  title = {{IntelliJ IDEA}},
  note = {\url{http://www.jetbrains.com/idea/}},
  key = {zzIntelliJIDEA}
}
@MISC{PMD,
  title = {{PMD}},
  note = {\url{http://pmd.sourceforge.net/}},
  key = {zzPMD}
}
@inproceedings{Robertson:2004:Interruption,
abstract = {},
author = {Robertson, T.J. and Prabhakararao, Shrinu and Burnett, Margaret and Cook, Curtis and Ruthruff , Joseph and Beckwith, Laura and Phalgune, Amit},
booktitle = {Proc. CHI},
pages = {287-294},
title = {{Impact of interruption style on end-user debugging}},
year = {2004}
}
@inproceedings{Gluck:2007:Attentional,
abstract = {},
author = {Gluck, Jennifer and Bunt, Andrea and McGrenere, Joanna},
booktitle = {Proc. CHI},
pages = {41-50},
title = {{Impact of interruption style on end-user debugging}},
year = {2007}
}
@article{Murphy-Hill:2008:RefactoringTools,
author = {Murphy-Hill, Emerson and Black, Andrew P.},
doi = {10.1109/MS.2008.123},
journal = {IEEE Softw.},
keywords = {refactoring,software development,software tools},
number = {5},
pages = {38--44},
title = {{Refactoring Tools: Fitness for Purpose}},
volume = {25},
year = {2008}
}
@inproceedings{Murphy-Hill:2010:StenchBlossom,
annote = {[Awards]
- ACM SIGSOFT Distinguished Paper Award.},
author = {Murphy-Hill, Emerson and Black, Andrew P.},
booktitle = {Proc. SoftVis},
doi = {10.1145/1879211.1879216},
keywords = {code smells,refactoring,software,usability},
pages = {5--14},
title = {{An Interactive Ambient Visualization for Code Smells}},
year = {2010}
}
@MISC{Threats,
  title = {{Threats to Construct Validity}},
  note = {\url{http://www.socialresearchmethods.net/kb/consthre.php}},
  key = {zzThreats}
}
@inproceedings{Hove:2005:Interview,
author = {Hove, S.E. and Anda, B.},
booktitle = {Proc. METRICS},
doi = {10.1109/METRICS.2005.24},
pages = {1--10},
title = {{Experiences from Conducting Semi-structured Interviews in Empirical Software Engineering Research}},
year = {2005}
}
@misc{barik2016quick,
  title={From quick fixes to slow fixes: Reimagining static analysis resolutions to enable design space exploration},
  author={Barik, Titus and Song, Yoonki and Johnson, Brittany and Murphy-Hill, Emerson},
  year={2016},
  publisher={ICSME}
}
@article{dean1982computer,
	title={How a computer should talk to people},
	author={Dean, Morris},
	journal={IBM Systems Journal},
	volume={21},
	number={4},
	pages={424--453},
	year={1982},
	publisher={IBM}
}
@article{mckeithen1981knowledge,
  title={Knowledge organization and skill differences in computer programmers},
  author={McKeithen, Katherine B and Reitman, Judith S and Rueter, Henry H and Hirtle, Stephen C},
  journal={Cognitive Psychology},
  volume={13},
  number={3},
  pages={307--325},
  year={1981},
  publisher={Elsevier}
}
@article{larkin1980expert,
  title={Expert and novice performance in solving physics problems},
  author={Larkin, Jill and McDermott, John and Simon, Dorothea P and Simon, Herbert A},
  journal={Science},
  volume={208},
  number={4450},
  pages={1335--1342},
  year={1980}
}
@article{wiedenbeck1985novice,
  title={Novice/expert differences in programming skills},
  author={Wiedenbeck, Susan},
  journal={International Journal of Man-Machine Studies},
  volume={23},
  number={4},
  pages={383--390},
  year={1985},
  publisher={Elsevier}
}
@inproceedings{nasehi2012makes,
  title={What makes a good code example?: A study of programming Q\&A in StackOverflow},
  author={Nasehi, Seyed Mehdi and Sillito, Jonathan and Maurer, Frank and Burns, Chris},
  booktitle={Software Maintenance (ICSM), 2012 28th IEEE International Conference on},
  pages={25--34},
  year={2012},
  organization={IEEE}
}
@inproceedings{amintabar2015exceptiontracer,
  title={ExceptionTracer: a solution recommender for exceptions in an integrated development environment},
  author={Amintabar, Vahid and Heydarnoori, Abbas and Ghafari, Mohammad},
  booktitle={Program Comprehension (ICPC), 2015 IEEE 23rd International Conference on},
  pages={299--302},
  year={2015},
  organization={IEEE}
}
@inproceedings{ponzanelli2013seahawk,
  title={Seahawk: Stack overflow in the ide},
  author={Ponzanelli, Luca and Bacchelli, Alberto and Lanza, Michele},
  booktitle={Proceedings of the 2013 International Conference on Software Engineering},
  pages={1295--1298},
  year={2013},
  organization={IEEE Press}
}
@article{bruckhaus1996impact,
  title={The impact of tools on software productivity},
  author={Bruckhaus, Tilmann and Madhavii, NH and Janssen, Ingrid and Henshaw, John},
  journal={IEEE Software},
  volume={13},
  number={5},
  pages={29--38},
  year={1996},
  publisher={IEEE}
}
@inproceedings{christakis2016developers,
  title={What developers want and need from program analysis: An empirical study},
  author={Christakis, Maria and Bird, Christian},
  booktitle={Proceedings of the 31st IEEE/ACM International Conference on Automated Software Engineering},
  pages={332--343},
  year={2016},
  organization={ACM}
}
@inproceedings{pettit2017enhanced,
  title={Do Enhanced Compiler Error Messages Help Students?: Results Inconclusive.},
  author={Pettit, Raymond S and Homer, John and Gee, Roger},
  booktitle={Proceedings of the 2017 ACM SIGCSE Technical Symposium on Computer Science Education},
  pages={465--470},
  year={2017},
  organization={ACM}
}
@article{forman1989role,
  title={The role of peer interaction in the social construction of mathematical knowledge},
  author={Forman, Ellice},
  journal={International Journal of Educational Research},
  volume={13},
  number={1},
  pages={55--70},
  year={1989},
  publisher={Elsevier}
}
@article{ge2003scaffolding,
  title={Scaffolding students’ problem-solving processes in an ill-structured task using question prompts and peer interactions},
  author={Ge, Xun and Land, Susan M},
  journal={Educational Technology Research and Development},
  volume={51},
  number={1},
  pages={21--38},
  year={2003},
  publisher={Springer}
}
@article{onwuegbuzie2007validity,
	title={Validity and qualitative research: An oxymoron?},
	author={Onwuegbuzie, Anthony J and Leech, Nancy L},
	journal={Quality \& Quantity},
	volume={41},
	number={2},
	pages={233--249},
	year={2007},
	publisher={Springer}
}
@article{li2004trustworthiness,
	title={Trustworthiness of think-aloud protocols in the study of translation processes},
	author={Li, Defeng},
	journal={International Journal of Applied Linguistics},
	volume={14},
	number={3},
	pages={301--313},
	year={2004},
	publisher={Wiley Online Library}
}
@article{gasson2004rigor,
	title={Rigor in grounded theory research: An interpretive perspective on generating theory from qualitative field studies},
	author={Gasson, Susan},
	journal={The handbook of information systems research},
	pages={79--102},
	year={2004}
}
@article{krishnan2000empirical,
  title={An empirical analysis of productivity and quality in software products},
  author={Krishnan, Mayuram S and Kriebel, Charlie H and Kekre, Sunder and Mukhopadhyay, Tridas},
  journal={Management science},
  volume={46},
  number={6},
  pages={745--759},
  year={2000},
  publisher={INFORMS}
}
@misc{OpenJDK,
key ={zzzSunJDK},
title={{OpenJDK} Source Releases},
note={\url{http://download.java.net/openjdk/jdk8/}}
}
@article{zheng2006value,
  title={On the value of static analysis for fault detection in software},
  author={Zheng, Jiang and Williams, Laurie and Nagappan, Nachiappan and Snipes, Will and Hudepohl, John P and Vouk, Mladen A},
  journal={IEEE transactions on software engineering},
  volume={32},
  number={4},
  pages={240--253},
  year={2006},
  publisher={IEEE}
}
@inproceedings{munson1998code,
  title={Code churn: A measure for estimating the impact of code change},
  author={Munson, John C and Elbaum, Sebastian G},
  booktitle={Software Maintenance, 1998. Proceedings., International Conference on},
  pages={24--31},
  year={1998},
  organization={IEEE}
}
@inproceedings{nagappan2005use,
  title={Use of relative code churn measures to predict system defect density},
  author={Nagappan, Nachiappan and Ball, Thomas},
  booktitle={Software Engineering, 2005. ICSE 2005. Proceedings. 27th International Conference on},
  pages={284--292},
  year={2005},
  organization={IEEE}
}
@incollection{murphy2014recommendation,
	title={Recommendation delivery},
	author={Murphy-Hill, Emerson and Murphy, Gail C},
	booktitle={Recommendation Systems in Software Engineering},
	pages={223--242},
	year={2014},
	publisher={Springer}
}